%% This BibTeX bibliography file was created using BibDesk.
%% http://bibdesk.sourceforge.net/


%% Created for Ram Vasudevan at 2017-06-18 09:30:57 -0400 


%% Saved with string encoding Unicode (UTF-8) 



@book{Leveque1992,
	Author = {LeVeque, Randall J.},
	Date-Added = {2017-02-15 03:03:48 +0000},
	Date-Modified = {2017-02-15 03:03:48 +0000},
	Doi = {10.1007/978-3-0348-8629-1},
	Edition = {Second},
	Isbn = {3-7643-2723-5},
	Mrclass = {65Mxx (35L67 65-02 76L05 76Mxx 76N15)},
	Mrnumber = {1153252 (92m:65106)},
	Pages = {x+214},
	Publisher = {Birkh\"auser Verlag, Basel},
	Series = {Lectures in Mathematics ETH Z\"urich},
	Title = {Numerical methods for conservation laws},
	Url = {http://dx.doi.org/10.1007/978-3-0348-8629-1},
	Year = {1992},
	Bdsk-Url-1 = {http://dx.doi.org/10.1007/978-3-0348-8629-1}}

@article{FreyDueck2007,
	Author = {Brendan J. Frey and Delbert Dueck},
	Date-Added = {2017-02-15 03:03:35 +0000},
	Date-Modified = {2017-02-15 03:03:35 +0000},
	Journal = {Science},
	Number = {5814},
	Pages = {972--976},
	Title = {Clustering by passing messages between data points},
	Volume = {315},
	Year = {2007}}

@article{Gottlieb2001,
	Author = {D. Gottlieb and J.S. Hesthaven},
	Date-Added = {2017-02-15 03:03:27 +0000},
	Date-Modified = {2017-02-15 03:03:27 +0000},
	Doi = {http://dx.doi.org/10.1016/S0377-0427(00)00510-0},
	Issn = {0377-0427},
	Journal = {Journal of Computational and Applied Mathematics},
	Keywords = {Multi-domain methods},
	Note = {Numerical Analysis 2000. Vol. VII: Partial Differential Equations},
	Number = {1--2},
	Pages = {83 - 131},
	Title = {Spectral methods for hyperbolic problems},
	Url = {http://www.sciencedirect.com/science/article/pii/S0377042700005100},
	Volume = {128},
	Year = {2001},
	Bdsk-Url-1 = {http://www.sciencedirect.com/science/article/pii/S0377042700005100},
	Bdsk-Url-2 = {http://dx.doi.org/10.1016/S0377-0427(00)00510-0}}

@conference{Xie2013,
	Author = {D. Xie and S. Todorovic and S.C. Zhu},
	Booktitle = {Proc. Int'l Conference on Computer Vision},
	Date-Added = {2017-02-13 02:14:19 +0000},
	Date-Modified = {2017-02-13 02:15:41 +0000},
	Title = {Inferring ``Dark Energy'' and ``Dark Matter'' from Image and Video},
	Year = {2013}}

@proceedings{Kooji2014,
	Author = {Julian Francisco Pieter Kooji and Nicolas Schneider and Fabian Flohr and Dariu M. Gavrila},
	Booktitle = {European Conference on Computer Vision},
	Date-Added = {2017-02-06 19:11:34 +0000},
	Date-Modified = {2017-02-06 19:15:07 +0000},
	Title = {Context-Based Pedestrian Path Prediction},
	Year = {2014}}

@inbook{Robicquet2016,
	Address = {Cham},
	Author = {Robicquet, Alexandre and Sadeghian, Amir and Alahi, Alexandre and Savarese, Silvio},
	Bdsk-Url-1 = {http://dx.doi.org/10.1007/978-3-319-46484-8\_33},
	Booktitle = {Computer Vision -- ECCV 2016: 14th European Conference, Amsterdam, The Netherlands, October 11-14, 2016, Proceedings, Part VIII},
	Date-Added = {2017-01-30 21:48:09 +0000},
	Date-Modified = {2017-01-30 21:48:09 +0000},
	Doi = {10.1007/978-3-319-46484-8_33},
	Editor = {Leibe, Bastian and Matas, Jiri and Sebe, Nicu and Welling, Max},
	Isbn = {978-3-319-46484-8},
	Pages = {549--565},
	Publisher = {Springer International Publishing},
	Title = {Learning Social Etiquette: Human Trajectory Understanding In Crowded Scenes},
	Url = {http://dx.doi.org/10.1007/978-3-319-46484-8\_33},
	Year = {2016},
	Bdsk-Url-2 = {http://dx.doi.org/10.1007/978-3-319-46484-8%5C_33},
	Bdsk-Url-3 = {http://dx.doi.org/10.1007/978-3-319-46484-8_33}}

@book{Rudin1991,
	Author = {Rudin, Walter},
	Date-Added = {2017-01-30 19:04:50 +0000},
	Date-Modified = {2017-01-30 19:05:06 +0000},
	Publisher = {McGraw-Hill, Inc., New York},
	Title = {Functional analysis. International series in pure and applied mathematics},
	Year = {1991}}

@inproceedings{Doucet2000,
	Acmid = {720075},
	Address = {San Francisco, CA, USA},
	Author = {Doucet, Arnaud and Freitas, Nando de and Murphy, Kevin P. and Russell, Stuart J.},
	Booktitle = {Proceedings of the 16th Conference on Uncertainty in Artificial Intelligence},
	Date-Added = {2017-01-30 04:32:15 +0000},
	Date-Modified = {2017-01-30 04:32:23 +0000},
	Isbn = {1-55860-709-9},
	Numpages = {8},
	Pages = {176--183},
	Publisher = {Morgan Kaufmann Publishers Inc.},
	Series = {UAI '00},
	Title = {Rao-Blackwellised Particle Filtering for Dynamic Bayesian Networks},
	Url = {http://dl.acm.org/citation.cfm?id=647234.720075},
	Year = {2000},
	Bdsk-Url-1 = {http://dl.acm.org/citation.cfm?id=647234.720075}}

@inproceedings{Schneider2013,
	Author = {N. Schneider and D. M. Gavrila},
	Booktitle = {Proc. of the German Conference on Patter Recognition},
	Date-Added = {2017-01-30 04:00:00 +0000},
	Date-Modified = {2017-01-30 04:01:43 +0000},
	Title = {Pedestrian Path Prediction with Recursive Bayesian Filters: A Comparative Study},
	Year = {2013}}

@inproceedings{Walker2014,
	Author = {Jacob Walker and Abhinav Gupta and Martial Hebert},
	Booktitle = {Computer Vision and Pattern Recognition},
	Date-Added = {2017-01-30 03:20:19 +0000},
	Date-Modified = {2017-01-30 03:20:27 +0000},
	Title = {Patch to the Future: Unsupervised Visual Prediction},
	Year = {2014}}

@inproceedings{Ziebart2008,
	Author = {Brian D. Ziebart and Andrew Maas and J. Andrew Bagnell and Anind K. Dey},
	Booktitle = {Proc. AAAI},
	Date-Added = {2017-01-29 17:24:19 +0000},
	Date-Modified = {2017-01-29 17:24:19 +0000},
	Pages = {1433--1438},
	Title = {Maximum Entropy Inverse Reinforcement Learning},
	Year = {2008}}

@conference{Ziebart2009,
	Author = {Brian D. Ziebart and Nathan Ratliff and Garratt Gallagher and Christoph Mertz and Kevin Peterson and J. Andrew Bagnell and Martial Hebert and Anind K. Dey and Siddhartha Srinivasa},
	Booktitle = {IROS},
	Date-Added = {2017-01-29 17:24:11 +0000},
	Date-Modified = {2017-01-29 17:24:11 +0000},
	Title = {Planning-based Prediction for Pedestrians},
	Year = {2009}}

@article{Helbing1992,
	Author = {Helbing, D},
	Date-Added = {2017-01-29 16:34:41 +0000},
	Date-Modified = {2017-01-29 16:34:41 +0000},
	Journal = {Complex Systems},
	Keywords = {pedestrians},
	Pages = {391--415},
	Title = {A Fluid-Dynamic Model for the Movement of Pedestrians},
	Volume = {6},
	Year = {1992}}

@article{Helbing1995,
	Author = {Helbing, Dirk and Molnar, Peter},
	Journal = {Physical review E},
	Number = {5},
	Pages = {4282},
	Publisher = {APS},
	Title = {Social force model for pedestrian dynamics},
	Volume = {51},
	Year = {1995}}

@inproceedings{Morris2009,
	Author = {Morris, Brendan and Trivedi, Mohan},
	Booktitle = {Computer Vision and Pattern Recognition, 2009. CVPR 2009. IEEE Conference on},
	Organization = {IEEE},
	Pages = {312--319},
	Title = {Learning trajectory patterns by clustering: Experimental studies and comparative evaluation},
	Year = {2009}}

@inproceedings{Lee2007,
	Author = {Lee, Jae-Gil and Han, Jiawei and Whang, Kyu-Young},
	Booktitle = {Proceedings of the 2007 ACM SIGMOD international conference on Management of data},
	Organization = {ACM},
	Pages = {593--604},
	Title = {Trajectory clustering: a partition-and-group framework},
	Year = {2007}}

@article{Wang2009,
	Author = {Wang, Xiaogang and Ma, Xiaoxu and Grimson, W Eric L},
	Journal = {IEEE Transactions on pattern analysis and machine intelligence},
	Number = {3},
	Pages = {539--555},
	Publisher = {IEEE},
	Title = {Unsupervised activity perception in crowded and complicated scenes using hierarchical bayesian models},
	Volume = {31},
	Year = {2009}}

@article{Xu2012,
	Author = {Xu, Yan and Huang, Hai-Jun},
	Journal = {Physica A: Statistical Mechanics and its Applications},
	Number = {4},
	Pages = {991--1000},
	Publisher = {Elsevier},
	Title = {Simulation of exit choosing in pedestrian evacuation with consideration of the direction visual field},
	Volume = {391},
	Year = {2012}}

@inproceedings{Alahi2016,
	Author = {Alahi, Alexandre and Goel, Kratarth and Ramanathan, Vignesh and Robicquet, Alexandre and Fei-Fei, Li and Savarese, Silvio},
	Booktitle = {Proceedings of the IEEE Conference on Computer Vision and Pattern Recognition},
	Pages = {961--971},
	Title = {Social lstm: Human trajectory prediction in crowded spaces},
	Year = {2016}}

@inproceedings{Pellegrini2009,
	Author = {Pellegrini, Stefano and Ess, Andreas and Schindler, Konrad and Van Gool, Luc},
	Booktitle = {Computer Vision, 2009 IEEE 12th International Conference on},
	Organization = {IEEE},
	Pages = {261--268},
	Title = {You'll never walk alone: Modeling social behavior for multi-target tracking},
	Year = {2009}}

@inproceedings{Yamaguchi2011,
	Author = {Yamaguchi, Kota and Berg, Alexander C and Ortiz, Luis E and Berg, Tamara L},
	Booktitle = {Computer Vision and Pattern Recognition (CVPR), 2011 IEEE Conference on},
	Organization = {IEEE},
	Pages = {1345--1352},
	Title = {Who are you with and where are you going?},
	Year = {2011}}

@article{Karasev2016,
	Author = {Karasev, V. and Ayvaci, A. and Heisele, B. and Soatto, S.},
	Date-Added = {2017-01-25 16:21:32 +0000},
	Date-Modified = {2017-01-25 16:21:32 +0000},
	Journal = {Proceedings of the International Conference on Robotics and Automation (ICRA)},
	Month = {May},
	Title = {Intent-Aware Long-Term Prediction of Pedestrian Motion},
	Year = {2016}}

@inproceedings{Hospedales2009,
	Author = {Hospedales, Timothy and Gong, Shaogang and Xiang, Tao},
	Booktitle = {Computer Vision, 2009 IEEE 12th International Conference on},
	Organization = {IEEE},
	Pages = {1165--1172},
	Title = {A markov clustering topic model for mining behaviour in video},
	Year = {2009}}

@article{Yi2016,
	Author = {Yi, Shuai and Li, Hongsheng and Wang, Xiaogang},
	Journal = {IEEE transactions on image processing},
	Number = {9},
	Pages = {4354--4368},
	Publisher = {IEEE},
	Title = {Pedestrian behavior modeling from stationary crowds with applications to intelligent surveillance},
	Volume = {25},
	Year = {2016}}

@article{Koppula2016,
	Author = {Koppula, Hema S and Saxena, Ashutosh},
	Journal = {IEEE transactions on pattern analysis and machine intelligence},
	Number = {1},
	Pages = {14--29},
	Publisher = {IEEE},
	Title = {Anticipating human activities using object affordances for reactive robotic response},
	Volume = {38},
	Year = {2016}}

@inproceedings{Emonet2011,
	Author = {Emonet, R{\'e}mi and Varadarajan, Jagannadan and Odobez, Jean-Marc},
	Booktitle = {Computer Vision and Pattern Recognition (CVPR), 2011 IEEE Conference on},
	Organization = {IEEE},
	Pages = {3233--3240},
	Title = {Extracting and locating temporal motifs in video scenes using a hierarchical non parametric bayesian model},
	Year = {2011}}

@article{Wang2008,
	Author = {Wang, Jack M and Fleet, David J and Hertzmann, Aaron},
	Journal = {IEEE transactions on pattern analysis and machine intelligence},
	Number = {2},
	Pages = {283--298},
	Publisher = {IEEE},
	Title = {Gaussian process dynamical models for human motion},
	Volume = {30},
	Year = {2008}}

@inproceedings{Tay2008,
	Author = {Tay, Meng and Laugier, Christian},
	Booktitle = {Field and Service Robotics},
	Organization = {Springer},
	Pages = {381--390},
	Title = {Modelling smooth paths using gaussian processes},
	Year = {2008}}

@article{Trautman2015,
	Author = {Trautman, Pete and Ma, Jeremy and Murray, Richard M and Krause, Andreas},
	Journal = {The International Journal of Robotics Research},
	Number = {3},
	Pages = {335--356},
	Publisher = {SAGE Publications Sage UK: London, England},
	Title = {Robot navigation in dense human crowds: Statistical models and experimental studies of human--robot cooperation},
	Volume = {34},
	Year = {2015}}

@inproceedings{Dubuisson1994,
	Author = {Dubuisson, M-P and Jain, Anil K},
	Booktitle = {Pattern Recognition, 1994. Vol. 1-Conference A: Computer Vision \& Image Processing., Proceedings of the 12th IAPR International Conference on},
	Organization = {IEEE},
	Pages = {566--568},
	Title = {A modified Hausdorff distance for object matching},
	Volume = {1},
	Year = {1994}}

@inproceedings{Ballan2016,
	Address = {Amsterdam, Netherlands},
	Author = {Ballan, Lamberto and Castaldo, Francesco and Alahi, Alexandre and Palmieri, Francesco and Savarese, Silvio},
	Booktitle = {Proc. of European Conference on Computer Vision (ECCV)},
	Date-Added = {2017-01-25 16:21:30 +0000},
	Date-Modified = {2017-01-25 16:21:30 +0000},
	Icon = {http://www.lambertoballan.net/images/eccv_2016.jpg},
	Month = {October},
	Reviews = {http://www.lambertoballan.net/downloads/2016_ECCV_213_REVIEWS.txt},
	Title = {Knowledge Transfer for Scene-specific Motion Prediction},
	Url = {http://arxiv.org/abs/1603.06987},
	Year = {2016},
	Bdsk-Url-1 = {http://arxiv.org/abs/1603.06987}}

@inbook{Kitani2012,
	Address = {Berlin, Heidelberg},
	Author = {Kitani, Kris M. and Ziebart, Brian D. and Bagnell, James Andrew and Hebert, Martial},
	Booktitle = {Computer Vision -- ECCV 2012: 12th European Conference on Computer Vision, Florence, Italy, October 7-13, 2012, Proceedings, Part IV},
	Date-Added = {2017-01-25 16:21:13 +0000},
	Date-Modified = {2017-01-25 16:21:13 +0000},
	Doi = {10.1007/978-3-642-33765-9_15},
	Editor = {Fitzgibbon, Andrew and Lazebnik, Svetlana and Perona, Pietro and Sato, Yoichi and Schmid, Cordelia},
	Isbn = {978-3-642-33765-9},
	Pages = {201--214},
	Publisher = {Springer Berlin Heidelberg},
	Title = {Activity Forecasting},
	Year = {2012},
	Bdsk-Url-1 = {http://dx.doi.org/10.1007/978-3-642-33765-9_15}}

@book{MTA,
	Author = {Abraham, R and Marsden, J E and Ratiu, T S},
	Date-Added = {2017-01-25 16:20:57 +0000},
	Date-Modified = {2017-01-25 16:20:57 +0000},
	Edition = {3rd},
	Keywords = {book},
	Publisher = {Spinger},
	Series = {Applied Mathematical Sciences},
	Title = {Manifolds, Tensor Analysis, and Applications},
	Volume = {75},
	Year = {2009}}

@article{McGeer01041990,
	Author = {McGeer, Tad},
	Doi = {10.1177/027836499000900206},
	Eprint = {http://ijr.sagepub.com/content/9/2/62.full.pdf+html},
	Journal = {The International Journal of Robotics Research},
	Number = {2},
	Pages = {62-82},
	Title = {\href{http://ijr.sagepub.com/content/9/2/62.abstract}{Passive Dynamic Walking}},
	Url = {http://ijr.sagepub.com/content/9/2/62.abstract},
	Volume = {9},
	Year = {1990},
	Bdsk-Url-1 = {http://ijr.sagepub.com/content/9/2/62.abstract},
	Bdsk-Url-2 = {http://dx.doi.org/10.1177/027836499000900206}}

@article{kalman1960new,
	Author = {Kalman, R.E.},
	Journal = {Journal of Basic Engineering},
	Number = {1},
	Pages = {35--45},
	Publisher = {Citeseer},
	Title = {A new approach to linear filtering and prediction problems},
	Volume = {82},
	Year = {1960}}

@article{Jacobs2017,
	Author = {Jacobs, Henry O. and Hughes, Owen K. and Matthew Johnson-Roberson and Ram Vasudevan},
	Date = {2017-06-20},
	Date-Modified = {2017-06-18 13:30:57 +0000},
	Eprintclass = {cs.RO},
	Eprinttype = {arxiv},
	Hyphenation = {american},
	Journal = {arXiv preprint},
	Title = {Technical Report for Real-Time Certified Probabilistic Pedestrian Forecasting},
	Year = {2017}}

@inproceedings{judd2009,
	Author = {Judd, Tilke and Ehinger, Krista and Durand, Fr{\'e}do and Torralba, Antonio},
	Booktitle = {Computer Vision, 2009 IEEE 12th international conference on},
	Organization = {IEEE},
	Pages = {2106--2113},
	Title = {Learning to predict where humans look},
	Year = {2009}}
